<?xml version="1.0" encoding="UTF-8"?><collection xmlns="http://www.loc.gov/MARC21/slim"><record><leader>00579nam--2200169-i-4500</leader><controlfield tag="001">000032073</controlfield><controlfield tag="002">20161230</controlfield><controlfield tag="005">20161230201039</controlfield><controlfield tag="008">060222s1000------------r-----000-0-eng-d</controlfield><datafield ind1=" " ind2=" " tag="040"><subfield code="a">IFIN-HH</subfield></datafield><datafield ind1=" " ind2=" " tag="080"><subfield code="a">530.16</subfield></datafield><datafield ind1="1" ind2=" " tag="100"><subfield code="a">Percus, Jerome K</subfield></datafield><datafield ind1="1" ind2="0" tag="245"><subfield code="a">The many-body problem</subfield><subfield code="b">Proceedings of the symposium on the many-body problem held at stevens institute of technology, hoboken, new jersey, january 28-29, 1957</subfield><subfield code="c">Jerome k. percus (ed.)</subfield></datafield><datafield ind1=" " ind2=" " tag="260"><subfield code="a">New York</subfield><subfield code="b">Interscience Publishers</subfield><subfield code="c">1963</subfield></datafield><datafield ind1=" " ind2=" " tag="300"><subfield code="a">XI + 542P</subfield></datafield><datafield ind1=" " ind2=" " tag="852"><subfield code="a">19707</subfield><subfield code="c">539.141</subfield></datafield><datafield ind1=" " ind2=" " tag="CAT"><subfield code="a">Sys</subfield><subfield code="c">20120417</subfield><subfield code="h">153200</subfield></datafield></record></collection>